<record><leader>00000cas a22000007a 4500</leader><controlfield tag="001">27691425</controlfield><controlfield tag="008">930308d19731987nmuwr ne      0    0eng d</controlfield><datafield ind1=" " ind2=" " tag="010"><subfield code="a">sn 93061625 </subfield></datafield><datafield ind1=" " ind2=" " tag="040"><subfield code="a">NVM</subfield><subfield code="b">eng</subfield><subfield code="c">NVM</subfield><subfield code="d">OCLCQ</subfield><subfield code="d">OCLCF</subfield><subfield code="d">OCLCO</subfield></datafield><datafield ind1=" " ind2=" " tag="042"><subfield code="a">msc</subfield></datafield><datafield ind1=" " ind2=" " tag="043"><subfield code="a">n-us-nm</subfield></datafield><datafield ind1="0" ind2=" " tag="130"><subfield code="a">Observer (Corrales, N.M.)</subfield></datafield><datafield ind1="1" ind2="4" tag="245"><subfield code="a">The observer.</subfield></datafield><datafield ind1=" " ind2=" " tag="260"><subfield code="a">Corrales, N.M. :</subfield><subfield code="b">J.W. McCaffrey</subfield></datafield><datafield ind1=" " ind2=" " tag="300"><subfield code="a">v.</subfield></datafield><datafield ind1=" " ind2=" " tag="310"><subfield code="a">Weekly</subfield></datafield><datafield ind1="0" ind2=" " tag="362"><subfield code="a">Vol. 2, no. 1 (Dec. 7, 1973)-v. 15, no. 18 (Apr. 15, 1987).</subfield></datafield><datafield ind1=" " ind2=" " tag="500"><subfield code="a">Published in Rio Rancho, N.M., Sept. 18, 1975-1987.</subfield></datafield><datafield ind1=" " ind2="0" tag="651"><subfield code="a">Corrales (N.M.)</subfield><subfield code="v">Newspapers.</subfield></datafield><datafield ind1=" " ind2="0" tag="651"><subfield code="a">Rio Rancho (N.M.)</subfield><subfield code="v">Newspapers.</subfield></datafield><datafield ind1=" " ind2="0" tag="651"><subfield code="a">Sandoval County (N.M.)</subfield><subfield code="v">Newspapers.</subfield></datafield><datafield ind1=" " ind2="0" tag="651"><subfield code="a">Bernalillo County (N.M.)</subfield><subfield code="v">Newspapers.</subfield></datafield><datafield ind1=" " ind2="7" tag="655"><subfield code="a">Newspapers.</subfield><subfield code="2">fast</subfield><subfield code="0">(OCoLC)fst01423814</subfield></datafield><datafield ind1=" " ind2="7" tag="651"><subfield code="a">New Mexico</subfield><subfield code="z">Bernalillo County.</subfield><subfield code="2">fast</subfield><subfield code="0">(OCoLC)fst01218455</subfield></datafield><datafield ind1=" " ind2="7" tag="651"><subfield code="a">New Mexico</subfield><subfield code="z">Corrales.</subfield><subfield code="2">fast</subfield><subfield code="0">(OCoLC)fst01231815</subfield></datafield><datafield ind1=" " ind2="7" tag="651"><subfield code="a">New Mexico</subfield><subfield code="z">Rio Rancho.</subfield><subfield code="2">fast</subfield><subfield code="0">(OCoLC)fst01231166</subfield></datafield><datafield ind1=" " ind2="7" tag="651"><subfield code="a">New Mexico</subfield><subfield code="z">Sandoval County.</subfield><subfield code="2">fast</subfield><subfield code="0">(OCoLC)fst01216711</subfield></datafield><datafield ind1=" " ind2=" " tag="752"><subfield code="a">United States</subfield><subfield code="b">New Mexico</subfield><subfield code="c">Sandoval</subfield><subfield code="d">Rio Rancho.</subfield></datafield><datafield ind1="0" ind2="0" tag="780"><subfield code="t">Mid-valley weekly observer</subfield><subfield code="w">(DLC)sn 94056850</subfield></datafield><datafield ind1="0" ind2="0" tag="785"><subfield code="t">Rio Rancho observer</subfield><subfield code="w">(DLC)sn 88000316</subfield></datafield></record>